@inbook{Clavaud2015,
    title = {L'édition numérique},
    booktitle = {L'édition critique des textes contemporains, XIXe-XXIe siècle},
    author = {Clavaud, Florence},
    editor = {Nougaret, Christine and Parinet, Élisabeth},
    date = {2015},
    pages = {175-200},
    publisher = {École nationale des chartes},
    location = {Paris},
    isbn = {978-2-35723-062-0},
    language = {french},
    keywords = {ednum}
}

@book{NougaretParinet2015,
    title = {L'édition critique des textes contemporains},
    subtitle = {XIXe-XXIe siècle},
    author = {Nougaret, Christine and Parinet, Élisabeth},
    editor = {Nougaret, Christine and Parinet, Élisabeth},
    date = {2015},
    publisher = {École nationale des chartes},
    location = {Paris},
    isbn = {978-2-35723-062-0},
    language = {french},
    keywords = {edition}
}

@inbook{Sahle2016,
    title = {What is a Scholarly Digital Edition?},
    booktitle = {Digital Scholarly Editing: Theories and Practices},
    author = {Sahle, Patrick},
    editor = {Pierazzo, Elena and Driscoll, Matthew James},
    date = {2016},
    pages = {19-39},
    publisher = {Open Book Publishers},
    location = {Cambridge},
    isbn = {978-2-8218-8400-7},
    language = {english},
    doi = {10.11647/OBP.0095.02},
    keywords = {ednum}
}

@incollection{Archivistique2020,
    title = {Valorisation des archives},
    booktitle = {Abrégé d'archivistique},
    edition = {4},
    author = {Blachon, Jérôme and Gueit-Montchal, Lydiane},
    editor = {Gueit-Montchal, Lydiane and Naud, Dominique},
    date = {2020},
    pages = {295-325},
    publisher = {Association des archivistes français},
    location = {Paris},
    isbn = {978-2-900175-09-5},
    language = {french},
    keywords = {archivistique}
}

@report{Ehri2018,
    title = {Edition of documents},
    author = {Frankl, Michal and Bryant, Michael and Green, Jessica and Schellenbacher, Wolfgang and Sedlická, Magdalena},
    date = {2018-04},
    number = {EHRI GA no. 654164 D.12.2},
    institution = {European Holocaust Research Infrastructure},
    pages = {1-21},
    url = {https://www.ehri-project.eu/sites/default/files/downloads/Deliverables/D12%202%20Thematic%20approach%201%20Edition%20of%20documents.pdf},
    urldate = {2023-06-14},
    keywords = {ednum}
}

@incollection{Mounier2009,
    title = {L'édition en ligne~: un nouvel eldorado pour les sciences humaines},
    booktitle = {Read/Write Book},
    booksubtitle = {Le livre inscriptible},
    author = {Mounier, Pierre},
    editor = {Dacos, Marin},
    edition = {2},
    date = {2009},
    pages = {167-176},
    publiser = {Centre pour l'édition électronique ouverte (Cléo)},
    location = {Marseille},
    language = {french},
    isbn = {978-2-9536419-0-5},
    doi = {10.4000/books.oep.169},
    keywords = {edition}
}

@article{Duranti2003,
    title = {Pour une diplomatique des documents électroniques},
    author = {Duranti, Luciana},
    journal = {Bibliothèque de l'École des chartes},
    date = {2003},
    volume = {161},
    number = {2},
    pages = {603-623},
    language = {french},
    doi = {10.3406/bec.2003.463631},
    keywords = {archivistique}
}

@online{VocArchivistique1997,
    title = {Vocabulaire international de la diplomatique},
    organization = {{Commission internationale de diplomatique}},
    editor = {Cárcel Ortí, Maria Milagros},
    date = {1997},
    publisher = {Universitat de València},
    location = {València},
    url = {http://www.cei.lmu.de/VID/},
    urldate = {2023-08-19},
    keywords = {archivistique}
}

@book{Bensoussan2020,
    title = {Histoire de la Shoah},
    author = {Bensoussan, Georges},
    edition = {7},
    location = {Paris},
    publisher = {Presses Universitaires de France},
    series = {Que sais-je ?},
    date = {2020},
    url = {https://www.cairn.info/histoire-de-la-shoah--9782715404557.htm},
    urldate = {2023-07-12},
    isbn = {978-2-7154-0457-1},
    keywords = {shoah}
}

@book{Bruttmann2020,
    title = {Les 100 mots de la Shoah},
    author = {Bruttmann, Tal},
    editora = {Tarricone, Christophe},
    editoratype = {collaborator},
    date = {2020},
    series = {Que sais-je ?},
    edition = {3},
    publisher = {Presses Universitaires de France},
    location = {Paris},
    url = {https://www.cairn.info/les-100-mots-de-la-shoah--9782715404588.htm},
    urldate = {2023-07-12},
    isbn = {978-2-7154-0460-1},
    keywords = {shoah}
}

@online{Beniere2023a,
    type = {Billet de blog},
    title = {Writing an ODD for the EHRI Online Editions — Preparatory Work},
    author = {Bénière, Sarah},
    date = {2023-06-05},
    url = {https://digitalintellectuals.hypotheses.org/4765},
    urldate = {2023-06-05},
    organization = {{Digital Intellectuals}},
    issn = {2197-750X},
    keywords = {xml}
}

@online{Beniere2023b,
    type = {Billet de blog},
    title = {Writing an ODD for the EHRI Online Editions — Specifications and Documentation},
    author = {Bénière, Sarah},
    date = {2023-07-28},
    url = {https://digitalintellectuals.hypotheses.org/5034},
    urldate = {2023-07-28},
    organization = {{Digital Intellectuals}},
    issn = {2197-750X},
    keywords = {xml}
}

@online{Daussin2019,
    type = {Documentation},
    title = {Présentation d'Omeka},
    author = {Daussin, Christine},
    date = {2019-04-11},
    url = {https://omeka.fr/document/38},
    urldate = {2023-06-30},
    organization = {{Association des usagers francophones d'Omeka}},
    keywords = {publication}
}

@online{Chiffoleau2020,
    type = {Billet},
    title = {Publication of my Digital Edition – Working with TEI Publisher},
    author = {Chiffoleau, Floriane},
    date = {2020-12-04},
    url = {https://digitalintellectuals.hypotheses.org/3912},
    urldate = {2023-05-17},
    organization = {{Digital Intellectuals}},
    keywords = {publication}
}

@online{Chiffoleau2021,
    type = {Billet},
    title = {Publication of my Digital Edition – Developing my TEI Publisher Aplication},
    author = {Chiffoleau, Floriane},
    date = {2021-06-16},
    url = {https://digitalintellectuals.hypotheses.org/4173},
    urldate = {2023-05-17},
    organization = {{Digital Intellectuals}},
    keywords = {publication}
}

@inproceedings{ChagueChiffoleau2021,
    title = {An Accessible and Transparent Pipeline for Publishing Historical Egodocuments},
    author = {Chagué, Alix and Chiffoleau, Floriane},
    date = {2021-03-17},
    venue = {{The NewsEye International Conference}},
    url = {https://hal.science/hal-03180669},
    urldate = {2023-04-14},
    keywords = {ednum}
}

@incollection{Chartron2016,
    title = {Édition et publication des contenus: regard transversal sur la transformation des modèles},
    booktitle = {Publier, éditer, éditorialiser},
    booksubtitle = {Nouveaux enjeux de la production numérique},
    author = {Chartron, Ghislaine},
    editor = {Calderan, Lisette and Laurent, Pascale and Lowinger, Hélène and Millet, Jacques},
    edition = {1},
    date = {2016},
    pages = {9-35},
    publiser = {De Boeck Supérieur},
    location = {Louvain-la-Neuve},
    language = {french},
    isbn = {978-2-8073-0665-3},
    doi = {10.3917/dbu.calde.2016.01.0009},
    keywords = {publication}
}

@incollection{Romary2016,
    title = {Éléments d'une communication scientifique et ouverte},
    booktitle = {Publier, éditer, éditorialiser},
    booksubtitle = {Nouveaux enjeux de la production numérique},
    author = {Romary, Laurent},
    editor = {Calderan, Lisette and Laurent, Pascale and Lowinger, Hélène and Millet, Jacques},
    edition = {1},
    date = {2016},
    pages = {37-69},
    publiser = {De Boeck Supérieur},
    location = {Louvain-la-Neuve},
    language = {french},
    isbn = {978-2-8073-0665-3},
    doi = {10.3917/dbu.calde.2016.01.0037},
    keywords = {}
}

@incollection{KayserBril2016,
    title = {Informer avec des données structurées},
    booktitle = {Publier, éditer, éditorialiser},
    booksubtitle = {Nouveaux enjeux de la production numérique},
    author = {Kayser-Bril, Nicolas},
    editor = {Calderan, Lisette and Laurent, Pascale and Lowinger, Hélène and Millet, Jacques},
    edition = {1},
    date = {2016},
    pages = {71-88},
    publiser = {De Boeck Supérieur},
    location = {Louvain-la-Neuve},
    language = {french},
    isbn = {978-2-8073-0665-3},
    doi = {10.3917/dbu.calde.2016.01.0071},
    keywords = {}
}

@incollection{BoulaireCarabelli2017,
    title = {Du digital naive au bricoleur numérique: les images et le logiciel Omeka},
    booktitle = {Expérimenter les humanités numériques},
    author = {Boulaire, Cécile and Carabelli, Roméo},
    editor = {Cavalié, Étienne and Clavert, Frédéric and Legendre, Olivier and Martin, Dana},
    date = {2017},
    pages = {81-103},
    publiser = {Presses de l'Université de Montréal},
    location = {Montréal},
    language = {french},
    isbn = {978-2-7606-3802-0},
    doi = {10.4000/books.pum.11115},
    keywords = {publication}
}

@incollection{IdmhandRiffardWalter2017,
    title = {L'édition électronique de manuscrits modernes},
    booktitle = {Expérimenter les humanités numériques},
    author = {Idmhand, Fatiha and Riffard, Claire and Walter, Richard},
    editor = {Cavalié, Étienne and Clavert, Frédéric and Legendre, Olivier and Martin, Dana},
    date = {2017},
    pages = {105-123},
    publiser = {Presses de l'Université de Montréal},
    location = {Montréal},
    language = {french},
    isbn = {978-2-7606-3802-0},
    doi = {10.4000/books.pum.11118},
    keywords = {ednum}
}

@online{EhriOnlineEditions,
    title = {EHRI Online Editions},
    organization = {{European Holocaust Research Infrastructure}},
    url = {https://www.ehri-project.eu/ehri-online-editions},
    keywords = {webographie}
}

@article{Safrian2007,
    author = {Safrian, Hans},
    title = {L'accélération de la spoliation et de l'émigration forcée},
    subtitle = {Le \enquote{modèle viennois} et son influence sur la politique antijuive du Troisième Reich en 1938},
    translator = {Nguyen, Valérie},
    journal = {Revue d'Histoire de la Shoah},
    date = {2007},
    volume = {1},
    number = {186},
    pages = {131-163},
    issn = {2111-885X},
    doi = {10.3917/rhsho.186.0131},
    keywords = {shoah}
}

@book{Sallee2018,
    author = {Sallée, Frédéric},
    title = {Anatomie du nazisme},
    publisher = {Le Cavalier Bleu},
    series = {Idées reçues},
    date = {2018},
    isbn = {9791031802886},
    doi = {10.3917/lcb.salle.2018.01},
    keywords = {shoah}
}

@article{Burnard2017,
    author = {Burnard, Lou},
    title = {What is TEI Conformance, and Why Should You Care?},
    journal = {Journal of the Text Encoding Initiative},
    issuetitle = {Selected Papers from the 2017 TEI Conference},
    date = {2020},
    number = {12},
    pages = {1-22},
    issn = {2162-5603},
    doi = {10.4000/jtei.1777},
    keywords = {xml}
}

@online{TEIGuidelines,
    title = {P5: Guidelines for Electronic Text Encoding and Interchange},
    organization = {{TEI Consortium}},
    version = {4.6.0},
    date = {2023-04-04},
    url = {https://www.tei-c.org/release/doc/tei-p5-doc/en/html/index.html},
    keywords = {webographie}
}

@book{Burnard2015,
    author = {Burnard, Lou},
    title = {Qu'est-ce que la Text Encoding Initiative~?},
    translator = {Burghart, Marjorie},
    publisher = {OpenEdition Press},
    series = {Encyclopédie numérique},
    pubplace = {Marseille},
    date = {2015-10-28},
    url = {https://books.openedition.org/oep/1237},
    doi = {10.4000/books.oep.1237},
    keywords = {xml}
}

@online{DiScholEd,
    title = {DiScholEd},
    subtitle = {Éditions scientifiques numériques},
    type = {Application TEI Publisher},
    url = {https://discholed.huma-num.fr/exist/apps/discholed/index.html},
    keywords = {webographie}
}

@article{AltedVigil2022,
    author = {Alted Vigil, Alicia},
    translator = {Taillot, Allison},
    title = {Les ego-documents comme source pour l'histoire},
    journal = {Matériaux pour l'histoire de notre temps},
    date = {2022},
    number = {143-144},
    pages = {45-51},
    publisher = {La Contemporaine},
    issn = {0769-3206},
    doi = {10.3917/mate.143.0045},
    keywords = {archivistique}
}

@book{HaroldMeans2002,
    author = {Harold, Elliotte Rusty and Means, W. Scott},
    title = {XML in a Nutshell},
    edition = {2},
    publisher = {O'Reilly Media, Inc.},
    date = {2002},
    isbn = {0-596-00292-0},
    url = {https://docstore.mik.ua/orelly/xml/xmlnut/index.htm},
    urldate = {2023-08-28},
    keywords = {xml}
}

@online{Memorial,
    title = {Mémorial de la Shoah},
    url = {https://www.memorialdelashoah.org/},
    keywords = {webographie}
}

@article{Leblanc2020,
    author = {Leblanc, Elina},
    title = {Omeka Classic},
    subtitle = {Un environnement de recherche pour les éditions scientifiques numériques},
    journal = {RIDE},
    number = {11},
    date = {2020},
    pages = {1-28},
    doi = {10.18716/ride.a.11.3},
    keywords = {publication}
}

@article{Pierazzo2019,
    author = {Pierazzo, Elena},
    title = {What Future for Digital Scholarly Editions?},
    subtitle = {From Haute Couture to Prêt-à-Porter},
    journal = {International Journal of Digital Humanities},
    date = {2019},
    number = {1},
    pages = {209-220},
    doi = {10.1007/s42803-019-00019-3},
    keywords = {ednum}
}